% citation keys are formatted as follows:
% auth.lower + shorttitle(3,3) + year
% see BetterBixTex Zotero extension

@misc{atlassianGitflowWorkflow,
  title = {Gitflow {{Workflow}}},
  author = {{Atlassian}},
  year = {2023},
  journal = {Atlassian},
  urldate = {2023-11-21},
  url = {https://www.atlassian.com/git/tutorials/comparing-workflows/gitflow-workflow},
  langid = {english}
}

@misc{driessenGitflow2012,
  title = {Git-Flow},
  author = {Driessen, Vincent},
  year = {2012},
  month = sep,
  url = {https://github.com/nvie/gitflow},
  urldate = {2023-11-29}
}

@misc{driessenSuccessfulGitBranching2010,
	title = {A successful {Git} branching model},
	url = {http://nvie.com/posts/a-successful-git-branching-model/},
	language = {en},
	urldate = {2023-11-27},
	journal = {nvie.com},
	author = {Driessen, Vincent},
	month = jan,
	year = {2010},
}

@misc{Gadzinowski_trunk-based_nodate,
	title = {Trunk-based {Development} vs. {Git} {Flow} {\textbar} {Toptal}®},
	url = {https://www.toptal.com/software/trunk-based-development-git-flow},
	urldate = {2023-12-04},
  	year = {2017},
	journal = {Toptal Engineering Blog},
  	author = {Gadzinowski, Konrad},
	langid = {english}
}

@misc{githubincRenamingDefaultBranch2022,
  title = {Renaming the Default Branch from Master},
  author = {{GitHub Inc}},
  year = {2022},
  month = feb,
  journal = {GitHub},
  urldate = {2023-11-28},
  url = {https://github.com/github/renaming/blob/main/README.md},
  langid = {english}
}

@misc{kummerGitflowcheatsheet2023,
  title = {Git-Flow-Cheatsheet},
  author = {Kummer, Daniel},
  year = {2023},
  month = nov,
  url = {https://github.com/danielkummer/git-flow-cheatsheet},
  urldate = {2023-11-29}
}

@misc{Manturewicz_trunk-based_2023,
	title = {Trunk-based development - everything you need to know},
	url = {https://codilime.com/blog/trunk-based-development/},
	language = {en-us},
	urldate = {2023-12-04},
	journal = {CodiLime},
	month = sep,
	year = {2023},
	author = {Manturewicz, Maciej},
}

@misc{softwarefreedomconservancyRegardingGitBranch2020,
  title = {Regarding {{Git}} and {{Branch Naming}}},
  author = {{Software Freedom Conservancy}},
  year = {2020},
  month = jun,
  journal = {Software Freedom Conservancy},
  urldate = {2023-11-28},
  url = {https://sfconservancy.org/news/2020/jun/23/gitbranchname/},
  langid = {english}
}

@misc{trunkbased_bestpractice1,
  title = {A COMPLETE GUIDE TO TRUNK-BASED DEVELOPMENT},
  author = {Split Software, Inc.},
  urldate = {2023-11-21},
  url = {example.com},
  langid = {english},
  year = {2023},
  month = sep
}

@misc{trunkbased_cicd1,
  title = {CI/CD-Pipelines erklärt: Alles, was man wissen muss},
  author = {Bigelow, Stephen J.},
  urldate = {2023-11-21},
  url = {https://www.computerweekly.com/de/tipp/CI-CD-Pipelines-erklaert-Alles-was-man-wissen-muss},
  year = {2023},
  langid = {german}
}

@misc{trunkbased_featureflag1,
  title = {How Feature Flags Help With Trunk-Based Development},
  author = {Jones, Ethan},
  urldate = {2023-11-21},
  url = {https://www.harness.io/blog/trunk-based-development},
  langid = {english},
  year = {2022}
}

@misc{trunkbased_featureflag2,
  title = {What are Feature Flags and How Do We Use Them?},
  author = {Bhargav Brahmbhatt},
  urldate = {2023-11-21},
  url = {https://www.harness.io/blog/what-are-feature-flags},
  langid = {english},
  year = {2021},
  month = jun,
}

@misc{trunkbased1,
	title = {Trunk-based {Development}: {Eine} {Methode} im {Versionsmanagement}},
	shorttitle = {Trunk-based {Development}},
	url = {https://www.dev-insider.de/trunk-based-development-effektive-methode-versionsmanagement-a-92df8621ab2f6a760c179843b43bfa56/},
	language = {de},
	urldate = {2023-12-04},
	journal = {Dev-Insider},
	author = {{chrissikraus}},
	month = jan,
	year = {2023}
}

@misc{trunkbased2,
	title = {Was ist trunkbasierte {Entwicklung}? {\textbar} {TeamCity} {CI}/{CD}-{Leitfaden}},
	shorttitle = {Was ist trunkbasierte {Entwicklung}?},
	url = {https://www.jetbrains.com/de-de/teamcity/ci-cd-guide/concepts/trunk-based-development/},
	language = {de},
	urldate = {2023-12-04},
	journal = {JetBrains},
	year = {2023},
  	author = {{JetBrains}}
}

@misc{trunkbased3,
	title = {What is {Trunk} {Based} {Development}? {\textbar} {Git} {Branching} {Strategies}},
	shorttitle = {What is {Trunk} {Based} {Development}?},
	url = {https://www.gitkraken.com/blog/trunk-based-development},
	language = {en-US},
	urldate = {2023-12-04},
	author = {Nahla, Davies},
  	year = {2022}
}

@misc{trunkbased4,
	title = {Trunk-basierte {Entwicklung}},
	url = {https://www.atlassian.com/de/continuous-delivery/continuous-integration/trunk-based-development},
	language = {de},
	urldate = {2023-12-04},
	journal = {Atlassian},
	author = {Zettler, Kev},
  	year = {2023}
}

@misc{trunkbased5,
	title = {Trunk {Based} {Development}},
	url = {https://trunkbaseddevelopment.com/},
	urldate = {2023-12-04},
	author = {Hammant, Paul},
  	language = {en},
	year = {2020}
}

@misc{trunkbased6,
	title = {Beginners {Guide} to {Trunk}-{Based} {Development} ({TBD}) - {StatusNeo}},
	url = {https://statusneo.com/trunk-based-development/},
	language = {en-US},
	urldate = {2023-12-04},
	author = {Nanda, Akshay},
	month = aug,
	year = {2022}
}

@misc{trunkbased7,
	title = {Patterns for {Managing} {Source} {Code} {Branches}},
	url = {https://martinfowler.com/articles/branching-patterns.html},
	urldate = {2023-12-04},
	journal = {martinfowler.com},
	author = {Fowler, Martin},
  	language = {en},
	year = {2020},
}

@misc{trunkbased8,
	title = {Escape from {Merge} {Hell}: {Why} {I} {Prefer} {Trunk}-{Based} {Development} {Over} {Feature} {Branching} and {GitFlow}},
	shorttitle = {Escape from {Merge} {Hell}},
	url = {https://www.stxnext.com/blog/escape-merge-hell-why-i-prefer-trunk-based-development-over-feature-branching-and-gitflow},
	language = {en},
	urldate = {2023-12-04},
	author = {Mówiński, Kamil},
  	year = {2023}
}
